<?xml version="1.0" encoding="UTF-8"?><collection xmlns="http://www.loc.gov/MARC21/slim"><record><leader>00454nam--2200145-i-4500</leader><controlfield tag="001">000045498</controlfield><controlfield tag="002">20161230</controlfield><controlfield tag="005">20161230201045</controlfield><controlfield tag="008">060222s1000------------r-----000-0-eng-d</controlfield><datafield ind1=" " ind2=" " tag="080"><subfield code="a">517.955(043)</subfield></datafield><datafield ind1=" " ind2=" " tag="100"><subfield code="a">Trepreau, Jean-marie</subfield></datafield><datafield ind1=" " ind2=" " tag="245"><subfield code="a">Probleme de cauchy hyperbolique dans des classes de fonctions ultradifferentiables et d`ultradistributions</subfield></datafield><datafield ind1=" " ind2=" " tag="260"><subfield code="a">Orsasy, Univ.De Paris, 1978, 56p</subfield></datafield><datafield ind1=" " ind2=" " tag="852"><subfield code="a">46402</subfield><subfield code="c">517.9</subfield></datafield><datafield ind1=" " ind2=" " tag="CAT"><subfield code="a">Sys</subfield><subfield code="c">20081104</subfield><subfield code="h">095612</subfield></datafield></record></collection>